@inproceedings{adam,
	author = {Kingma, Diederik P.  and Ba, Jimmy Lei},
		title = {Adam:  {A} Method for Stochastic Optimization},
		booktitle = {Proceedings of the ICLR},
		year = {2015}
}

@BOOK{bishop_neural,
  title = {Neural Networks for Pattern Recognition},
  publisher = {Oxford University Press},
  year = {2000},
  author = {Bishop, Christopher M.},
  address = {Oxford}
}

@inproceedings{schuster2012japanese,
  title={Japanese and {Korean} Voice Search},
  author={Schuster, Mike and Nakajima, Kaisuke},
  booktitle={Proceedings of the ICASSP},
	year = {2012}
}

@inproceedings{vaswani2017attention,
  title={Attention is All You Need},
  author={Vaswani, Ashish and Shazeer, Noam and Parmar, Niki and Uszkoreit, Jakob and Jones, Llion and Gomez, Aidan N and Kaiser, {\L}ukasz and Polosukhin, Illia},
  booktitle={Advances in Neural Information Processing Systems},
  pages={6000--6010},
  year={2017}
}
- Prasad, A.S., Rao, S.: Citation matching in Sanskrit corpora using local alignment. In: Jha, G. (ed.): Sanskrit Computational Linguistics. Lecture Notes in Computer Science, Vol. 6465. Springer Berlin, Heidelberg (2010) 124–136

@inproceedings{prasad2010,
  title={{Citation matching in Sanskrit Corpora using Local Alignment}},
  author={Prasad, A.S. and Rao, S.},
  booktitle={Sanskrit Computational Linguistics. Lecture Notes in Computer Science},
  location={Heidelberg},
  publisher={Springer Berlin},
  volume=6465,
  pages={124-136},
  year=2010
}a

@inproceedings{klein2014,
  title={{Finding Inexact Quotations Within a Tibetan Buddhist Corpus}},
  author={Benjamin Eliot Klein and Nachum Dershowitz and Lior Wolf and Orna Almogi and Dorji Wangchuk},
  booktitle={Digital Humanities},
  pages={576-581},
  year={2014}
}

@article{almogi,
  title={{A Hackathon for Classical Tibetan}},
  author={Orna Almogi, Lena dershowitz, Nachum Dershowitz and Lior Wolf},
  journal={Journal of Data Mining and Digital Humanities},
  year={2016}
}

@article{sturgeon2017,
    author = {Sturgeon, Donald},
    title = "{{Unsupervised identification of text reuse in early Chinese literature}}",
    journal = {Digital Scholarship in the Humanities},
    volume = {33},
    number = {3},
    pages = {670-684},
    year = {2017},
    month = {11}
}


@article{koppel2016,
  title={{Identification of Parallel Passages Across a Large Hebrew/Aramaic Corpus}},
  author={Avi Shmidman and Moshe Koppel and Ely Porat},
  journal={Journal of Data Mining and Digital Humanities},
  year={2016},
  volume={2018}
}



@inproceedings{sproat2003first,
  title={The First International {Chinese} Word Segmentation Bakeoff},
  author={Sproat, Richard and Emerson, Thomas},
  booktitle={Proceedings of the second SIGHAN Workshop on Chinese Language Processing},
  pages={133--143},
  year={2003}
}

@inproceedings{ma-hovy-end-to-end,
  title={End-to-end Sequence Labeling via Bi-directional {LSTM-CNNs-CRF}},
  author={Ma, Xuezhe and Hovy, Eduard},
  booktitle={Proceedings of the 54th Annual Meeting of the ACL},
  volume={1},
  pages={1064--1074},
  year={2016}
}

@article{dietterich1998approximate,
  title={Approximate Statistical Tests for Comparing Supervised Classification Learning Algorithms},
  author={Dietterich, Thomas G.},
  journal={Neural computation},
  volume={10},
  number={7},
  pages={1895--1923},
  year={1998},
  publisher={MIT Press}
}

@inproceedings{yeh2000more,
  title={More Accurate Tests for the Statistical Significance of Result Differences},
  author={Yeh, Alexander},
  booktitle={Proceedings of the 18th Conference on Computational Linguistics},
  pages={947--953},
  year={2000}
}

@inproceedings{srivastava-highway,
	author = {Srivastava, Rupesh Kumar and Greff, Klaus and Schmidhuber, Jürgen},
	title = {Highway Networks},
	year = {2015},
	booktitle = {Proceedings of the Deep Learning Workshop at ICML}
}

@inproceedings{he2016deep,
  title={Deep Residual Learning for Image Recognition},
  author={He, Kaiming and Zhang, Xiangyu and Ren, Shaoqing and Sun, Jian},
  booktitle={Proceedings of the IEEE conference on Computer Vision and Pattern Recognition},
  pages={770--778},
  year={2016}
}

@inproceedings{wang2016morphological,
  title={Morphological Segmentation with {Window LSTM} Neural Networks},
  author={Wang, Linlin and Cao, Zhu and Xia, Yu and de Melo, Gerard},
  year={2016},
	booktitle = {Proceedings of the Thirtieth AAAI Conference on Artificial Intelligence}
}


@ARTICLE{kitagawa-jws,
   author = {{Kitagawa}, Yoshiaki and {Komachi}, Mamoru},
    title = {Long {Short-Term Memory} for {Japanese} Word Segmentation},
  journal = {ArXiv e-prints},
archivePrefix = "arXiv",
     year = {2017}
}


@inproceedings{cai2016neural,
  title={Neural Word Segmentation Learning for {Chinese}},
  author={Cai, Deng and Zhao, Hai},
  booktitle={Proceedings of the 54th Annual Meeting of the ACL},
  volume={1},
  pages={409--420},
  year={2016}
}

@article{collobert2011natural,
  title={Natural Language Processing (Almost) from Scratch},
  author={Collobert, Ronan and Weston, Jason and Bottou, L{\'e}on and Karlen, Michael and Kavukcuoglu, Koray and Kuksa, Pavel},
  journal={Journal of Machine Learning Research},
  volume={12},
  pages={2493--2537},
  year={2011}
}

@inproceedings{chen2015long,
  title={Long {Short-Term Memory} Neural Networks for {Chinese} Word Segmentation},
  author={Chen, Xinchi and Qiu, Xipeng and Zhu, Chenxi and Liu, Pengfei and Huang, Xuanjing},
  booktitle={Proceedings of the 2015 Conference on EMNLP},
  pages={1197--1206},
  year={2015}
}

@ARTICLE{gantayat-sanskrit,
   author = {{Gantayat}, N. and {Aralikatte}, R. and {Panwar}, N. and {Sankaran}, A. and 
	{Mani}, S.},
    title = {Sanskrit Sandhi Splitting using $seq2(seq)^2$},
  journal = {ArXiv e-prints},
archivePrefix = {arXiv},
     year = {2018}
}


@inproceedings{reddy-sanskrit-seq2seq,
	author = {Reddy, Vikas and Krishna, Amrith and Sharma, Vishnu Dutt and Gupta, Prateek and Vineeth, M R and Goyal, Pawan},
	title = {Building a Word Segmenter for {Sanskrit} Overnight},
	year = 2018,
	booktitle = {Proceedings of the LREC}
}

@inproceedings{bhardwaj2018sandhikosh,
  title={{SandhiKosh}: {A} Benchmark Corpus for Evaluating {Sanskrit} {Sandhi} Tools},
  author={Bhardwaj, Shubham and Gantayat, Neelamadhav and Garg, Rahul and Agarwal, Sumeet},
	booktitle = {Proceedings of the LREC},
	year = {2018}
}

@inproceedings{bollmann2016evaluating,
  title={Evaluating inter-annotator agreement on historical spelling normalization},
  author={Bollmann, Marcel and Dipper, Stefanie and Petran, Florian},
  booktitle={Proceedings of the 10th Linguistic Annotation Workshop held in conjunction with ACL 2016 (LAW-X 2016)},
  pages={89--98},
  year={2016}
}

@inproceedings{macherey2011compounds,
  title={Language-independent Compound Splitting with Morphological Operations},
  author={Macherey, Klaus and Dai, Andrew M and Talbot, David and Popat, Ashok C. and Och, Franz},
  booktitle={Proceedings of the 49th Annual Meeting of the ACL},
  pages={1395--1404},
  year={2011}
}

@inproceedings{weller2017simple,
  title={Simple Compound Splitting for {German}},
  author={Weller-Di Marco, Marion},
  booktitle={Proceedings of the 13th Workshop on Multiword Expressions (MWE 2017)},
  pages={161--166},
  year={2017}
}

@article{lu2016segmental,
  title={Segmental Recurrent Neural Networks for End-to-end Speech Recognition},
  author={Lu, Liang and Kong, Lingpeng and Dyer, Chris and Smith, Noah A and Renals, Steve},
  journal={arXiv preprint arXiv:1603.00223},
  year={2016}
}


@inproceedings{koehn2003empirical,
  title={Empirical Methods for Compound Splitting},
  author={Koehn, Philipp and Knight, Kevin},
  booktitle={Proceedings of the Tenth Conference of EACL, Volume 1},
  pages={187--193},
  year={2003}
}


@inproceedings{ma2016letter,
  title={Letter Sequence Labeling for Compound Splitting},
  author={Ma, Jianqiang and Henrich, Verena and Hinrichs, Erhard},
  booktitle={Proceedings of the 14th SIGMORPHON Workshop},
  pages={76--81},
  year={2016}
}

@book{haas-greek-sandhi,
	author = {de Haas, Wim},
	title = {A formal theory of vowel coalescence: A case study of ancient {Greek}},
	year = {1988},
	publisher = {Foris}
}

@article{lowe-syntax,
  title={The Syntax of {Sanskrit} Compounds},
  author={Lowe, John J.},
  journal={Language},
  volume={91},
  number={3},
  pages={71--115},
  year={2015},
  publisher={Linguistic Society of America}
}


@book{whitney-grammar,
	author = {Whitney, William Dwight},
	title = {A {Sanskrit} Grammar},
	address = {Leipzig},
	publisher = {Breitkopf and H\"artel},
	year = {1879}
}

@article{goyal-huet-heritage,
	author = {Goyal, Pawan  and Huet, G\'erard},
	year = {2016},
	title = {Design and Analysis of a Lean Interface for {Sanskrit} Corpus Annotation},
	journal = {Journal of Language Modelling},
	volume = {4},
	number = {2},
	pages = {145--182}
}

@book{tubb-scholastic-sanskrit,
	author = {Tubb, Gary A. and Boose, Emery R.},
	title = {Scholastic Sanskrit. A Handbook for Students},
	address = {New York},
	year = {2007},
	publisher = {The American Institute of Buddhist Studies}
}

@book{aufrecht-cat-cat,
	author={Aufrecht, Theodor},
	title = {Catalogus Catalogorum. An Alphabetical Register of Sanskrit Works and Authors},
	address = {Leipzig},
	publisher = {Otto Harrassowitz},
	year = {1891--1903}
}

@book{allen-phonetics,
	author = {Allen, W. Sidney},
	title = {Phonetics in Ancient India},
	address = {London},
	publisher = {Oxford University Press},
	year = {1965 [1953]}
}

@book{de1988formal,
  title={A Formal Theory of Vowel Coalescence: A Case Study of {Ancient Greek}},
  author={De Haas, Wim},
  year={1988},
  publisher={Walter de Gruyter}
}

@BOOK{bloch_indoaryan,
  title = {Indo-Aryan from the Vedas to Modern Times},
  publisher = {Librarie d'Am{\'e}rique et d'Orient},
  year = {1965},
  author = {Jules Bloch},
  address = {Paris},
  timestamp = {16.04.2008}
}


@INCOLLECTION{witzel_early_linguistic,
  author = {Michael Witzel},
  title = {Early {Indian} History: Linguistic and Textual Parametres},
  booktitle = {The Indo-Aryans of Ancient South Asia. Language, Material Culture and Ethnicity},
  publisher = {Walter de Gruyter},
  year = {1995},
  editor = {George Erdosy},
  volume = {1},
  pages = {85-125},
  address = {Berlin, New York},
  timestamp = {01.11.2008}
}


@BOOK{scharfe_grammatical,
  title = {Grammatical Literature},
  publisher = {Otto Harrassowitz},
  year = {1977},
  author = {Scharfe, Hartmut},
  series = {A History of Indian Literature, Volume 5, Fasc. 2},
  address = {Wiesbaden},
  timestamp = {12.04.2008}
}


@inproceedings{kim2014convolutional,
  title={Convolutional Neural Networks for Sentence Classification},
  author={Kim, Yoon},
  booktitle = {Proceedings of the 2014 Conference on EMNLP},
  pages = {1746--1751},
  year={2014},
  notes = {conv. architecture, no recurrent elems!}
}

@BOOK{cardona_panini_research,
	author = {George Cardona},
	title = {{P\=a\d nini. A Survey of Research}},
	publisher = {Mouton},
	address = {The Hague - Paris},
	year =  {1976}
}


@INCOLLECTION{kiparsky_panini_architecture,
  author = {Kiparsky, Paul},
  title = {On the Architecture of {P}\={a}\d{n}ini's Grammar},
  booktitle = {Sanskrit Computational Linguistics},
  publisher = {Springer},
  year = {2009},
  editor = {Huet, G\'erard and Kulkarni, Amba and Scharf, Peter},
  volume = {5402},
  series = {Lecture Notes in Computer Science},
  pages = {33-94},
  address = {Berlin, Heidelberg}
}



@inproceedings{petersen_soubusta_2013,
	author = {Petersen, W. and Soubusta, S.},
	year = {2013},
	title = {Structure and implementation of a digital edition of the {A\d s\d t\=adhy\=ay\={\i}}},
	editor = {Kulkarni, M.},
	booktitle = {Recent Researches in Sanskrit Computational Linguistics}, 
	pages = {84-103},
	publisher = {D.K. Printworld}
}


@INPROCEEDINGS{kulkarni_overgeneration,
 author = {Kulkarni, Malhar},
 title = {Phonological Overgeneration in {Paninian} System},
 booktitle = {Sanskrit Computational Linguistics},
 editor = {Huet, G{\'e}rard and Kulkarni, Amba and Scharf, Peter},
 year = {2009},
 pages = {306--319},
 publisher = {Springer},
 address = {Berlin, Heidelberg}
}



@phdthesis{petersen_shivasutras,
	author = {Wiebke Petersen},
	title  = {{Zur Minimalit\"at von P\=a\d ninis \'Sivas\=utras: eine Untersuchung mit Methoden der formalen Begriffsanalyse}},
	year = {2008},
	school = {Universit\"at D\"usseldorf}
}



@incollection{mishra2009simulating,
  title={Simulating the {P{\=a}{\d n}inian} System of {Sanskrit} Grammar},
  author={Mishra, Anand},
  booktitle={Sanskrit Computational Linguistics},
  pages={127--138},
  year={2009},
  publisher={Springer}
}



@article{huet2005functional,
  title={A functional toolkit for morphological and phonological processing, application to a {Sanskrit} tagger},
  author={Huet, G{\'e}rard},
  journal={Journal of Functional Programming},
  volume={15},
  number={04},
  pages={573--614},
  year={2005},
  publisher={Cambridge Univ Press}
}



@article{kulkarni2009sanskrit,
  title={Sanskrit morphological analyser: {Some} issues},
  author={Kulkarni, Amba and Shukla, Devanand},
  journal={Indian Linguistics},
  volume={70},
  number={1-4},
  pages={169--177},
  year={2009}
}



@inproceedings{mittal_sanskrit_fst,
 author = {Mittal, Vipul},
 title = {Automatic {Sanskrit} Segmentizer Using Finite State Transducers},
 booktitle = {Proceedings of the ACL 2010 Student Research Workshop},
 year = {2010},
 location = {Uppsala, Sweden},
 pages = {85--90},
 publisher = {Association for Computational Linguistics},
 address = {Stroudsburg, PA, USA},
} 


@INPROCEEDINGS{hellwig_sanskrittagger,
  author = {Hellwig, Oliver},
  title = {{SanskritTagger}, a stochastic lexical and {POS} tagger for {Sanskrit}},
  booktitle = {Sanskrit Computational Linguistics. First and Second International Symposia},
  year = {2009},
  editor = {G{\'e}rard Huet and Amba Kulkarni and Peter Scharf},
  series = {Lecture Notes in Artificial Intelligence, 5402},
  pages = {266-277},
  address = {Berlin},
  publisher = {Springer Verlag},
  timestamp = {07.10.2007}
}

@INPROCEEDINGS{hellwig_sanskrittagger_performance,
  author = {Hellwig, Oliver},
  title = {Performance of a lexical and {POS} tagger for {Sanskrit}},
  booktitle = {Proceedings of the Fourth International Sanskrit Computational Linguistics Symposium},
  year = {2010},
  editor = {G.N. Jha},
  pages = {162-172},
  address = {Berlin},
  publisher = {Springer Verlag},
  owner = {oh},
  timestamp = {2011.01.12}
}

@inproceedings{hellwig-tagger-2015,
	author = {Oliver Hellwig},
	title = {Morphological Disambiguation of {Classical Sanskrit}},
	booktitle = {Systems and Frameworks for Computational Morphology},
	editor = {Mahlow, Cerstin and Piotrowski, Michael},
	year = {2015},
	publisher = {Springer},
	address = {Cham},
	pages = {41-59}
}


@inproceedings{adler_morphological_disambiguation,
	author = {Adler, Meni and Elhalad, Michael},
	title = {An Unsupervised Morpheme-Based {HMM} for {Hebrew} Morphological Disambiguation},
	booktitle = {Proceedings of the 21st International Conference on Computational Linguistics},
	year = {2006},
	pages = {665-672}
}



@inproceedings{shacham_morph_disambiguation,
    author = {Shacham, Danny and Wintner, Shuly},
    title = {Morphological Disambiguation of {Hebrew}: {A} Case Study in Classifier Combination},
    booktitle = {Proceedings of the 2007 Joint Conference on Empirical Methods in Natural Language Processing and Computational Natural Language Learning},
    year = {2007},
    address = {Prague},
    publisher = {Association for Computational Linguistics},
    pages = {439-447}
}


@BOOK{mw,
  title = {Sansk{\d r}it-English Dictionary},
  publisher = {Munshiram Manoharlal Publishers Pvt. Ltd.},
  year = {1988},
  author = {Monier Monier-Williams},
  address = {New Delhi},
  edition = {3.},
  timestamp = {2006.10.30}
}

@inproceedings{knauth_alfter_pali,
	author={Knauth, J\"urgen and Alfter, David},
	title = {A Dictionary Data Processing Environment and Its Application in Algorithmic Processing of {Pali} Dictionary Data for Future {NLP} Tasks},
	booktitle = {Proceedings of the 5th Workshop on South and Southeast Asian NLP},
	year = {2014},
	pages = {65-73}
}

@inproceedings{shukla_geeta,
	author = {Shukla, Preeti and Kulkarni, Amba and Shukl, Devanand},
	title = {Geeta: {Gold} Standard Annotated Data, Analysis and its Application},
	booktitle = {Proceedings of ICON},
	year = {2013}
}

@book{stenzler_sanskrit,
	author = {Adolf Friedrich Stenzler},
	title = {{Elementarbuch der Sanskrit-Sprache}},
	year = {1872},
	publisher={Max M\"alzer},
	address = {Breslau}
}



@book{oberlies_grammar_epic_sanskrit,
	title = {{A Grammar of Epic Sanskrit}},
	author = {Oberlies, Thomas},
	year = {2003},
	publisher = {De Gruyter}
}


@BOOK{brockington_epics,
  title = {The {Sanskrit} Epics},
  publisher = {Brill},
  year = {1998},
  author = {John Brockington},
  address = {Leiden},
  timestamp = {12.05.2009}
}



@BOOK{staal_syntax,
  title = {Word Order in Sanskrit and Universal Grammar},
  publisher = {D. Reidel Publishing Company},
  year = {1967},
  author = {J.F. Staal},
  series = {Foundations of Language, Supplementary Series, Volume 5},
  address = {Dordrecht},
  timestamp = {07.05.2008}
}




@article{gillon1996word,
  title={Word order in classical {Sanskrit}},
  author={Gillon, Brendan S},
  journal={Indian Linguistics},
  volume={57},
  number={1-4},
  pages={1--35},
  year={1996},
  publisher={Linguistic Society of India}
}

@article{gillon_rewiew_paninian_nlp,
 author = {Gillon, Brendan S.},
 title = {{Review of "Natural Language Processing: A Paninian Perspective" by Akshar Bharati, Vineet Chaitanya, and Rajeev Sangal. Prentice-Hall of India 1995.}},
 journal = {Computational Linguistics},
 volume = {21},
 number = {3},
 year = {1995},
 pages = {419--421},
 publisher = {MIT Press},
 address = {Cambridge, MA, USA},
}




@INCOLLECTION{emeneau_dravidian_ia,
  author = {M.B. Emeneau},
  title = {Dravidian and {Indo-Aryan}: The {Indian} Linguistic Area},
  booktitle = {Language and Linguistic Area. Essays by Murray B. Emeneau},
  publisher = {Stanford University Press},
  year = {1980},
  pages = {167-196},
  address = {Stanford},
  timestamp = {28.11.2008}
}



@BOOK{mayrhofer_etym_82,
  title = {{Kurzgefa{\ss}tes etymologisches W\"orterbuch des Altindischen}},
  publisher = {Carl Winter Universit\"atsverlag},
  year = {1982},
  author = {Mayrhofer, Manfred},
  address = {Heidelberg},
  volumes = {2}
}


@ARTICLE{hellwig_etymology,
  author = {Oliver Hellwig},
  title = {Etymological Trends in the {Sanskrit} Vocabulary},
  journal = {Literary and Linguistic Computing},
  year = {2010},
  volume = {25},
  pages = {105-118},
  number = {1},
  owner = {oh},
  timestamp = {2010.05.30}
}



@inproceedings{hellwig_petersen_gana_headers_2015,
	author = {Oliver Hellwig and Wiebke Petersen},
	title = {What's {P}\=a\d nini got to do with it? {The} use of \emph{ga\d na}-headers from the {A}\d s\d t\=adhy\=ay\={\i} in {S}anskrit literature from the perspective of {Corpus Linguistics}},
	year = {forthcoming},
	booktitle = {Proceedings of the WCS 2015}
}


@MISC{opencyc,
  title = {{\tt Opencyc} Website},
  year = {2007},
  note = {http://www.opencyc.org},
  timestamp = {05.11.2007}
}

@BOOK{rocher_puranas,
  title = {The Pur{\=a}{\d n}as.},
  publisher = {Otto Harrassowitz},
  year = {1986},
  author = {Ludo Rocher},
  volume = {II, Fasc. 3},
  series = {A History of Indian Literature.},
  address = {Wiesbaden},
  timestamp = {2007.03.19}
}


@INPROCEEDINGS{kneser_ney,
  author = {R. Kneser and H. Ney},
  title = {Improved backing-off for M-gram language modeling},
  booktitle = {Proceedings of the International Conference on Acoustics, Speech, and Signal Processing},
  year = {1995},
  pages = {181-184},
  owner = {oh},
  timestamp = {2011.01.19}
}


@PHDTHESIS{ratnaparkhi_maxent,
  author = {Adwait Ratnaparkhi},
  title = {Maximum Entropy Models for Natural Language Ambiguity Resolution},
  school = {University of Pennsylvania},
  year = {1998}
}



@INPROCEEDINGS{Lafferty2001,
  author = {Lafferty, John D. and McCallum, Andrew and Pereira, Fernando C. N.},
  title = {Conditional Random Fields: Probabilistic Models for Segmenting and Labeling Sequence Data},
  booktitle = {Proceedings of the Eighteenth International Conference on Machine Learning},
  year = {2001},
  pages = {282--289}
}

@inproceedings{lee_ancient_greek,
	author = {John Lee},
	title = {A Nearest-Neighbor Approach to the Automatic Analysis of Ancient {Greek Morphology}},
	year = {},
	pages = {127--134},
	booktitle = {Proceedings of the 12th Conference on Computational Natural Language Learning}
}

@inproceedings{lee_discriminative_model,
  title={A discriminative model for joint morphological disambiguation and dependency parsing},
  author={Lee, John and Naradowsky, Jason and Smith, David A},
  booktitle={Proceedings of the 49th Annual Meeting of the Association for Computational Linguistics: Human Language Technologies-Volume 1},
  pages={885--894},
  year={2011}
}


@INPROCEEDINGS{yuret_morphological_disambiguation,
    author = {Deniz Yuret and Ferhan Türe},
    title = {Learning Morphological Disambiguation Rules for {Turkish}},
    booktitle = {Proceedings of HLT-NAACL},
    year = {2006}
}


@inproceedings{koehn_compound,
 author = {Koehn, Philipp and Knight, Kevin},
 title = {Empirical Methods for Compound Splitting},
 booktitle = {Proceedings of the Tenth Conference on European Chapter of the Association for Computational Linguistics - Volume 1},
 series = {EACL '03},
 year = {2003},
 isbn = {1-333-56789-0},
 location = {Budapest, Hungary},
 pages = {187--193},
 numpages = {7},
 url = {http://dx.doi.org/10.3115/1067807.1067833},
 doi = {10.3115/1067807.1067833},
 acmid = {1067833},
 publisher = {Association for Computational Linguistics},
 address = {Stroudsburg, PA, USA},
} 


@incollection{holz_biemann_compounds,
year={2008},
isbn={978-3-540-78134-9},
booktitle={Computational Linguistics and Intelligent Text Processing},
volume={4919},
series={Lecture Notes in Computer Science},
editor={Gelbukh, Alexander},
doi={10.1007/978-3-540-78135-6_11},
title={Unsupervised and Knowledge-Free Learning of Compound Splits and Periphrases},
url={http://dx.doi.org/10.1007/978-3-540-78135-6_11},
publisher={Springer Berlin Heidelberg},
author={Holz, Florian and Biemann, Chris},
pages={117-127},
language={English}
}


@ARTICLE{Schmidhuber02learningnonregular,
    author = {J\"urgen Schmidhuber and F. Gers and D. Eck},
    title = {Learning Nonregular Languages: A Comparison of Simple Recurrent Networks and {LSTM}},
    journal = {Neural Computation},
    year = {2002},
    volume = {14},
    pages = {2002}
}

@ARTICLE{Gers01lstmrecurrent,
    author = {Felix A. Gers and J\"urgen Schmidhuber},
    title = {{LSTM} Recurrent Networks Learn Simple Context Free and Context Sensitive Languages},
    journal = {IEEE Transactions on Neural Networks},
    year = {2001},
    volume = {12},
    pages = {1333--1340}
}

@book{graves_sequence_labelling,
author = {Alex Graves},
title = {Supervised Sequence Labelling with Recurrent Neural Networks},
publisher = {Springer Verlag},
address={Heidelberg},
year = {2012}
}

@book{wackernagel_grammar,
	author = {Jakob Wackernagel},
	title = {{Altindische Grammatik}},
	publisher = {Vandenhoek und Ruprecht},
	address = {G\"ottingen},
	year = {1978},
	note = {reprint from 1896}
}

@inproceedings{icml2014c2_santos14, 
	Publisher = {JMLR Workshop and Conference Proceedings}, 
	Title = {Learning Character-level Representations for {Part-of-Speech} Tagging}, 
	Author = {Cicero D. Santos and Bianca Zadrozny}, 
	Editor = {Tony Jebara and Eric P. Xing}, 
	Year = {2014}, 
	Booktitle = {Proceedings of the 31st International Conference on Machine Learning (ICML-14)}, 
	Pages = {1818--1826} 
 }

@ARTICLE{rabiner_hmm,
  author = {Lawrence R. Rabiner},
  title = {A tutorial on {Hidden Markov Models} and selected Applications in speech recognition},
  journal = {Proceedings of the IEEE},
  year = {1989},
  volume = {77},
  pages = {257-286},
  timestamp = {15.06.2007}
}


@article{schuster_bidirnn,
 author = {Schuster, Mike and Paliwal, Kuldip K.},
 title = {Bidirectional Recurrent Neural Networks},
 journal = {IEEE Transactions on Signal Processing},
 volume = {45},
 number = {11},
 year = {1997},
 pages = {2673--2681}
} 



@ARTICLE{elman_network,
    author = {Jeffrey L. Elman},
    title = {Finding structure in time},
    journal = {Cognitive Science},
    year = {1990},
    volume = {14},
    number = {2},
    pages = {179--211}
}


@article{lstm,
 author = {Hochreiter, Sepp and Schmidhuber, J\"{u}rgen},
 title = {Long Short-Term Memory},
 journal = {Neural Computation},
 volume = {9},
 number = {8},
 year = {1997},
 pages = {1735--1780}
} 

@inproceedings{dima_compounds,
	author = {Corina Dima and Erhard Hinrichs},
	title = {Automatic Noun Compound Interpretation using Deep Neural Networks and Word Embeddings},
	booktitle = {Proceedings of the 11th International Conference on Computational Semantics},
	pages={173-183},
	year = {2015}
}
	
@Inproceedings {qiu_colearning,
author       = {Siyu Qiu and Qing Cui and Jiang Bian and Bin Gao and Tie-Yan Liu},
title        = {Co-learning of Word Representations and Morpheme Representations},
year         = {2014},
	booktitle = {Proceedings of COLING 2014},
	pages = {141--150}
}


@inbook{hochreiter_vanishing,
		author={Sepp Hochreiter and Y. Bengio and P. Frasconi and J. Schmidhuber},
		title = {Gradient Flow in Recurrent Nets: {The} Difficulty of Learning Long-term Dependencies},
		booktitle={A Field Guide to Dynamical Recurrent Neural Networks},
		publisher={IEEE Press},
		year = {2001},
		address={New York},
		pages = {237--243}
}


@inproceedings{hellwig-sandhi-lstm,
	author = {Hellwig, Oliver},
	title = {Using {Recurrent Neural Networks} for joint compound splitting and {Sandhi} resolution in {Sanskrit}},
	booktitle = {Proceedings of the 7th LTC},
	editor = {Vetulani, Zygmunt and Mariani, Joseph},
	year = {2015},
	pages = {289--293}
}


@inproceedings{hellwig-googling-rsi,
	author = {Hellwig, Oliver},
	title = {Googling the Rishi - Graph Based Analysis of Parallel Passages in Sanskrit Literature.},
	booktitle = {Recent Researches in Sanskrit Computational Linguistics: Fifth International Symposium IIT Mumbai, India, January 2013 Proceedings},
	editor = {Malhar Kulkarni and Chaitali Dangarikar},
	year = {2013},
}


@inproceedings{nguyen2007comparisons,
  title={Comparisons of sequence labeling algorithms and extensions},
  author={Nguyen, Nam and Guo, Yunsong},
  booktitle={Proceedings of the 24th International Conference on Machine learning},
  pages={681--688},
  year={2007},
  organization={ACM}
}

@article{lipton2015critical,
  title={A critical review of recurrent neural networks for sequence learning},
  author={Lipton, Zachary C. and Berkowitz, John and Elkan, Charles},
  journal={arXiv preprint arXiv:1506.00019},
  year={2015}
}

@incollection{goyal2009analysis,
  title={Analysis of {Sanskrit} text: {Parsing} and Semantic Relations},
  author={Goyal, Pawan and Arora, Vipul and Behera, Laxmidhar},
  booktitle={Sanskrit Computational Linguistics},
  pages={200--218},
  year={2009},
  publisher={Springer}
}

@inproceedings{collobert-unified,
  title={A Unified Architecture for Natural Language Processing: {Deep} Neural Networks with Multitask Learning},
  author={Collobert, Ronan and Weston, Jason},
  booktitle={Proceedings of the 25th International Conference on Machine learning},
  pages={160--167},
  year={2008}
}

@article{chung2014empirical,
  title={Empirical Evaluation of Gated Recurrent Neural Networks on Sequence Modeling},
  author={Chung, Junyoung and Gulcehre, Caglar and Cho, KyungHyun and Bengio, Yoshua},
  journal={arXiv preprint arXiv:1412.3555},
  year={2014}
}

@article{cho2014properties,
  title={On the Properties of Neural Machine Translation: {Encoder-decoder} Approaches},
  author={Cho, Kyunghyun and Van Merri{\"e}nboer, Bart and Bahdanau, Dzmitry and Bengio, Yoshua},
  journal={arXiv preprint arXiv:1409.1259},
  year={2014}
}

@article{zaremba2014recurrent,
  title={Recurrent Neural Network Regularization},
  author={Zaremba, Wojciech and Sutskever, Ilya and Vinyals, Oriol},
  journal={arXiv preprint arXiv:1409.2329},
  year={2014}
}

@article{srivastava-dropout,
  title={Dropout: {A} Simple Way to Prevent Neural Networks from Overfitting},
  author={Srivastava, Nitish and Hinton, Geoffrey E. and Krizhevsky, Alex and Sutskever, Ilya and Salakhutdinov, Ruslan},
  journal={Journal of Machine Learning Research},
  volume={15},
  number={1},
  pages={1929--1958},
  year={2014}
}


@inproceedings{hihi-hierarchical,
  title={Hierarchical Recurrent Neural Networks for Long-term Dependencies},
  author={El Hihi, Salah and Bengio, Yoshua},
  booktitle={Advances in Neural Information Processing Systems},
  pages={493--499},
  year={1996}
}


@article{yin2017comparative,
  title={Comparative Study of {CNN} and {RNN} for {Natural Language Processing}},
  author={Yin, Wenpeng and Kann, Katharina and Yu, Mo and Sch{\"u}tze, Hinrich},
  journal={arXiv preprint arXiv:1702.01923},
  year={2017}
}

@inproceedings{krishna-sandhi-dataset,
  title={A Dataset for {Sanskrit} Word Segmentation},
  author={Krishna, Amrith and Satuluri, Pavan Kumar and Goyal, Pawan},
  booktitle={Proceedings of the Joint SIGHUM Workshop on Computational Linguistics for Cultural Heritage, Social Sciences, Humanities and Literature},
  pages={105--114},
  year={2017}
}


@inproceedings{natarajan-sandhi-gibbs,
  title={S\^{}3-Statistical {Sandhi} Splitting},
  author={Natarajan, Abhiram and Charniak, Eugene},
  booktitle={IJCNLP},
  pages={301--308},
  year={2011}
}

@inproceedings{krishna-sandhi-graph,
  title={Word Segmentation in {Sanskrit} Using Path Constrained Random Walks},
  author={Krishna, Amrith and Santra, Bishal and Satuluri, Pavankumar and Bandaru, Sasi Prasanth and Faldu, Bhumi and Singh, Yajuvendra and Goyal, Pawan},
  booktitle={Proceedings of the COLING},
  pages={494--504},
  year={2016}
}

@inproceedings{zhang2015character,
  title={Character-level Convolutional Networks for Text Classification},
  author={Zhang, Xiang and Zhao, Junbo and LeCun, Yann},
  booktitle={Advances in neural information processing systems},
  pages={649--657},
  year={2015}
}


@article{kalchbrenner-recurrent,
  title={Recurrent Convolutional Neural Networks for Discourse Compositionality},
  author={Kalchbrenner, Nal and Blunsom, Phil},
  journal={arXiv preprint arXiv:1306.3584},
  year={2013}
}

@article{lecun-cnn,
  title={Gradient-based Learning Applied to Document Recognition},
  author={LeCun, Yann and Bottou, L{\'e}on and Bengio, Yoshua and Haffner, Patrick},
  journal={Proceedings of the IEEE},
  volume={86},
  number={11},
  pages={2278--2324},
  year={1998},
  publisher={IEEE}
}

@article{bjerva-semantic,
  title={Semantic Tagging with Deep Residual Networks},
  author={Bjerva, Johannes and Plank, Barbara and Bos, Johan},
  journal={arXiv preprint arXiv:1609.07053},
  year={2016}
}

@inproceedings{nair-relu,
  title={Rectified Linear Units Improve {Restricted Boltzmann Machines}},
  author={Nair, Vinod and Hinton, Geoffrey E.},
  booktitle={Proceedings of the 27th ICML},
  pages={807--814},
  year={2010}
}

@incollection{mikolov2013a,
title = {{Distributed Representations of Words and Phrases and their Compositionality}},
author = {Mikolov, Tomas and Sutskever, Ilya and Chen, Kai and Corrado, Greg S and Dean, Jeff},
booktitle = {Advances in Neural Information Processing Systems 26},
editor = {C. J. C. Burges and L. Bottou and M. Welling and Z. Ghahramani and K. Q. Weinberger},
pages = {3111--3119},
year = {2013},
publisher = {Curran Associates, Inc.},
}

@inproceedings{socher2013,
    title = {{Recursive Deep Models for Semantic Compositionality Over a Sentiment Treebank}},
    author = "Socher, Richard  and
      Perelygin, Alex  and
      Wu, Jean  and
      Chuang, Jason  and
      Manning, Christopher D.  and
      Ng, Andrew  and
      Potts, Christopher",
    booktitle = "Proceedings of the 2013 Conference on Empirical Methods in Natural Language Processing",
    month = oct,
    year = "2013",
    publisher = "Association for Computational Linguistics",
    pages = "1631--1642",
}
@inproceedings{kalchbrenner2014,
    title = {{A Convolutional Neural Network for Modelling Sentences}},
    author = "Kalchbrenner, Nal  and
      Grefenstette, Edward  and
      Blunsom, Phil",
    booktitle = "Proceedings of the 52nd Annual Meeting of the Association for Computational Linguistics (Volume 1: Long Papers)",
    month = jun,
    year = "2014",
    publisher = "Association for Computational Linguistics",
    pages = "655--665",
}

@inproceedings{tai2015,
  author    = {Kai Sheng Tai and
               Richard Socher and
               Christopher D. Manning},
  title     = {{Improved Semantic Representations From Tree-Structured Long Short-Term
               Memory Networks}},
  booktitle={ACL},
  year      = {2015},
}


@inproceedings{baseline2017,
  author    = {Sanjeev Arora and Yingyu Liang and Tengyu Ma},
  title     = {{A Simple but Tough-to-Beat Baseline for Sentence Embeddings}},
  booktitle = {ICLR},
  year      = {2017},
}

@article{love2018,
  author    = {Dinghan Shen and
               Guoyin Wang and
               Wenlin Wang and
               Martin Renqiang Min and
               Qinliang Su and
               Yizhe Zhang and
               Chunyuan Li and
               Ricardo Henao and
               Lawrence Carin},
  title     = {{Baseline Needs More Love: On Simple Word-Embedding-Based Models and
               Associated Pooling Mechanisms}},
  journal   = {CoRR},
  volume    = {abs/1805.09843},
  year      = {2018}
}


@inproceedings{elmo2018,
    title = {{Deep Contextualized Word Representations}},
    author = "Peters, Matthew  and
      Neumann, Mark  and
      Iyyer, Mohit  and
      Gardner, Matt  and
      Clark, Christopher  and
      Lee, Kenton  and
      Zettlemoyer, Luke",
    booktitle = "Proceedings of the 2018 Conference of the North {A}merican Chapter of the Association for Computational Linguistics: Human Language Technologies, Volume 1 (Long Papers)",
    month = jun,
    year = "2018",
    publisher = "Association for Computational Linguistics",
    pages = "2227--2237"
}

@inproceedings{bert2019,
    title = {{BERT: Pre-training of Deep Bidirectional Transformers for Language Understanding}},
    author = "Devlin, Jacob  and
      Chang, Ming-Wei  and
      Lee, Kenton  and
      Toutanova, Kristina",
    booktitle = "Proceedings of the 2019 Conference of the North {A}merican Chapter of the Association for Computational Linguistics: Human Language Technologies, Volume 1 (Long and Short Papers)",
    month = jun,
    year = "2019",
    pages = "4171--4186"
}

@inproceedings{nmslib,
  author    = {Leonid Boytsov and
               Bilegsaikhan Naidan},
  title     = {{Engineering Efficient and Effective Non-metric Space Library}},
  booktitle = {Similarity Search and Applications - 6th International Conference,
               {SISAP} 2013, {A} Coru{\~{n}}a, Spain, October 2-4, 2013, Proceedings},
  pages     = {280--293},
  year      = {2013},
  crossref  = {DBLP:conf/sisap/2013},
  url       = {https://doi.org/10.1007/978-3-642-41062-8\_28},
  doi       = {10.1007/978-3-642-41062-8\_28},
  timestamp = {Tue, 14 May 2019 10:00:53 +0200},
  biburl    = {https://dblp.org/rec/bib/conf/sisap/BoytsovN13},
  bibsource = {dblp computer science bibliography, https://dblp.org}
}

@inproceedings{sugawara2016,
    title = {{On Approximately Searching for Similar Word Embeddings}},
    author = "Sugawara, Kohei  and
      Kobayashi, Hayato  and
      Iwasaki, Masajiro",
    booktitle = {{Proceedings of the 54th Annual Meeting of the Association for Computational Linguistics (Volume 1: Long Papers)}},
    month = aug,
    year = "2016",
    address = "Berlin, Germany",
    publisher = "Association for Computational Linguistics",
    url = "https://www.aclweb.org/anthology/P16-1214",
    doi = "10.18653/v1/P16-1214",
    pages = "2265--2275",
}

@inproceedings{nmslib2013,
  author    = {Leonid Boytsov and
               Bilegsaikhan Naidan},
  title     = {{Engineering Efficient and Effective Non-metric Space Library}},
  booktitle = {Similarity Search and Applications - 6th International Conference,
               {SISAP} 2013, {A} Coru{\~{n}}a, Spain, October 2-4, 2013, Proceedings},
  pages     = {280--293},
  year      = {2013}
  }


@inproceedings{muller2019,
  author    = {A. Charles Muller},
  title     = {{The Digital Dictionary of Buddhism and CJKV-English Dictionary: A Brief History}},
  editor    = {Daniel Veidlinger},
  booktitle = {Digital Humanities and Buddhism: An Introduction,
               {SISAP} 2013, {A} Coru{\~{n}}a, Spain, October 2-4, 2013, Proceedings},
  pages     = {143--156},
  year      = {2019}
  }

@article{annperformance2018,
  author    = {Martin Aum{\"{u}}ller and
               Erik Bernhardsson and
               Alexander Faithfull},
  title     = {{ANN-Benchmarks: {A} Benchmarking Tool for Approximate Nearest Neighbor
               Algorithms}},
  journal   = {CoRR},
  year      = {2018},
}

@inproceedings{glove2014,
    title = {{{G}love: Global Vectors for Word Representation}},
    author = "Pennington, Jeffrey  and
      Socher, Richard  and
      Manning, Christopher",
    booktitle = "Proceedings of the 2014 Conference on Empirical Methods in Natural Language Processing ({EMNLP})",
    month = oct,
    year = "2014",
    address = "Doha, Qatar",
    publisher = "Association for Computational Linguistics",
    pages = "1532--1543",
}

@article{fasttext2016,
  author    = {Piotr Bojanowski and
               Edouard Grave and
               Armand Joulin and
               Tomas Mikolov},
  title     = {{Enriching Word Vectors with Subword Information}},
  journal   = {CoRR},
  volume    = {abs/1607.04606},
  year      = {2016},
}


@ARTICLE{hnsw2016,
   author = {{Malkov}, Y.~A. and {Yashunin}, D.~A.},
    title = "{{Efficient and robust approximate nearest neighbor search using Hierarchical Navigable Small World graphs}}",
  journal = {arXiv e-prints},
archivePrefix = "arXiv",
   eprint = {1603.09320},
     year = 2016,
    month = mar,

}
@inproceedings{malkov2016,
  author    = {Leonid Boytsov and
               David Novak and
               Yury Malkov and
               Eric Nyberg},
  title     = {{Off the Beaten Path: Let's Replace Term-Based Retrieval with k-NN
               Search}},
  booktitle = {Proceedings of the 25th {ACM} International Conference on Information
               and Knowledge Management, {CIKM} 2016, Indianapolis, IN, USA, October
               24-28, 2016},
  pages     = {1099--1108},
  year      = {2016},
}


@article{xlm2019,
  title={{Cross-lingual Language Model Pretraining}},
  author={Lample, Guillaume and Conneau, Alexis},
  journal={arXiv preprint arXiv:1901.07291},
  year={2019}
}

@article{bingenheimer2015,
  title={{The Digital Archive of Buddhist Temple Gazetteers and Named Entity Recognition (NER) in classical Chinese}},
  author={Marcus Bingenheimer},
  journal={Lingua Sinica},
  year={2015},
  volume={1},
  pages={1-19}
}

@article{bingenheimer2018,
  title={{Who was “Central” in the History of Chinese Buddhism?: A Social Network Approach}},
  author={Marcus Bingenheimer},
  journal={International Journal of Buddhist Thought \& Culture},
  year={2018},
  volume={28},
  volume={1},
  pages={45-67}
}

@article{beal,
  title={{Buddhism in China}},
  author={Samuel Beal},
  journal={Society for Promoting Christian Knowledge},
  year={1884},
  url = {http://archive.org/details/buddhisminchina00commgoog}
}

@book{analayo2011,
  title={{A Comparative Study of the Majjhima-nikāya}},
  author={Bhikkhu Anālayo},
  publisher={Dharma Drum Academic Publisher},
  year={2011}
}

@book{sujatobrahmali,
  title={{The Authenticity of the Early Buddhist Texts}},
  author={Bhikkhu Sujato and Bhikkhu Brahmali},
  year={2014},
  publisher={Buddhist Publication Society},
  url = {http://ocbs.org/wp-content/uploads/2015/09/authenticity.pdf}
}

@article{analayo2018,
  title={{Bhikkhunī Ordination from Ancient India to Contemporary Sri Lanka}},
  author={Bhikkhu Anālayo},
  journal={Āgama Research Group},
  year={2018}
}

@article{analayo2018-2,
  title={{The Case for Reviving the Bhikkhunī Order by Single Ordination}},
  author={Bhikkhu Anālayo},
  journal={Journal of Buddhist Ethics},
  year={2018}
}

@article{analayo2013,
  title={{The Legality of Bhikkhunī Ordination}},
  author={Bhikkhu Anālayo},
  journal={Journal of Buddhist Ethics, Special 20th Anniversary Issue},
  year={2013}
}

@article{maes,
  title={{Dialogues With(in) the Pāli Vinaya. A Research into the Dynamicsand Dialectics of the Pāli Vinaya’s Ascetic other, with a Special Focus on the Jain Ascetic other.}},
  author={Claire Maes},
  journal={Ghent University},
  year={2015}
}

@article{vimala,
  title={{The meaning of paṇḍaka in light of the Vedic and Jain scriptures}},
  author={Bhikkhunī Vimala},
  year={2019},
  url = {https://samita.be/en/2019/05/29/the-meaning-of-pa%e1%b9%87%e1%b8%8daka-in-light-of-the-vedic-and-jain-scriptures/}
}